<record><leader>00000cas a2200000 a 4500</leader><controlfield tag="001">31415504</controlfield><controlfield tag="007">hd bfu---baat</controlfield><controlfield tag="007">hd afu---bact</controlfield><controlfield tag="008">941107d19251940nbuwr nea     0    0eng d</controlfield><datafield ind1=" " ind2=" " tag="010"><subfield code="a">sn 94056501 </subfield></datafield><datafield ind1=" " ind2=" " tag="040"><subfield code="a">NVG</subfield><subfield code="b">eng</subfield><subfield code="c">NVG</subfield><subfield code="d">OCL</subfield><subfield code="d">OCLCQ</subfield><subfield code="d">OCLCF</subfield><subfield code="d">OCLCO</subfield></datafield><datafield ind1="1" ind2=" " tag="029"><subfield code="a">AU@</subfield><subfield code="b">000011358017</subfield></datafield><datafield ind1=" " ind2=" " tag="042"><subfield code="a">msc</subfield></datafield><datafield ind1=" " ind2=" " tag="043"><subfield code="a">n-us-nb</subfield></datafield><datafield ind1="0" ind2="4" tag="245"><subfield code="a">The Gothenburg times and Gothenburg independent</subfield><subfield code="h">[microform].</subfield></datafield><datafield ind1=" " ind2=" " tag="260"><subfield code="a">Gothenburg, Dawson County, Neb. :</subfield><subfield code="b">J.C. Holmes,</subfield><subfield code="c">1925-1940.</subfield></datafield><datafield ind1=" " ind2=" " tag="300"><subfield code="a">16 v.</subfield></datafield><datafield ind1=" " ind2=" " tag="310"><subfield code="a">Weekly</subfield></datafield><datafield ind1="0" ind2=" " tag="362"><subfield code="a">Vol. 17, no. 34 (Feb. 4, 1925)-32nd year, no. 31 (Feb. 1, 1940).</subfield></datafield><datafield ind1=" " ind2=" " tag="580"><subfield code="a">Formed by the union of: Gothenburg times (Gothenburg, Neb. : 1908), and: Gothenburg independent (Gothenburg, Neb. : 1908).</subfield></datafield><datafield ind1=" " ind2=" " tag="580"><subfield code="a">Merged with: Farnam echo, to form: Gothenburg times, Gothenburg independent and Farnam echo.</subfield></datafield><datafield ind1=" " ind2=" " tag="533"><subfield code="a">Microfilm.</subfield><subfield code="m">1925-1940:[Gaps]</subfield><subfield code="b">Lincoln, Neb. :</subfield><subfield code="c">Nebraska State Historical Society.</subfield><subfield code="e">15 microfilm reels ; 35 mm.</subfield></datafield><datafield ind1=" " ind2="0" tag="651"><subfield code="a">Gothenburg (Neb.)</subfield><subfield code="v">Newspapers.</subfield></datafield><datafield ind1=" " ind2="7" tag="655"><subfield code="a">Newspapers.</subfield><subfield code="2">fast</subfield><subfield code="0">(OCoLC)fst01423814</subfield></datafield><datafield ind1=" " ind2="7" tag="651"><subfield code="a">Nebraska</subfield><subfield code="z">Gothenburg.</subfield><subfield code="2">fast</subfield><subfield code="0">(OCoLC)fst01229059</subfield></datafield><datafield ind1=" " ind2=" " tag="752"><subfield code="a">United States</subfield><subfield code="b">Nebraska</subfield><subfield code="c">Dawson</subfield><subfield code="d">Gothenburg.</subfield></datafield><datafield ind1="1" ind2="4" tag="780"><subfield code="t">Gothenburg times (Gothenburg, Neb. : 1908)</subfield><subfield code="w">(DLC)sn 94056500</subfield></datafield><datafield ind1="1" ind2="4" tag="780"><subfield code="t">Gothenburg independent (Gothenburg, Neb. : 1908)</subfield><subfield code="w">(DLC)sn 94056513</subfield></datafield><datafield ind1="1" ind2="7" tag="785"><subfield code="t">Farnam echo</subfield><subfield code="w">(DLC)sn 94056497</subfield></datafield><datafield ind1="1" ind2="7" tag="785"><subfield code="t">Gothenburg times, Gothenburg independent and Farnam echo</subfield><subfield code="w">(DLC)sn 94056502</subfield></datafield></record>